
###### Chapter 1 ######

### Part 1

@article{sebanz2006joint,
  title={Joint action: bodies and minds moving together},
  author={Sebanz, Natalie and Bekkering, Harold and Knoblich, G{\"u}nther},
  journal={Trends in cognitive sciences},
  volume={10},
  number={2},
  pages={70--76},
  year={2006},
  publisher={Elsevier}
}

@article{tomasello2005understanding,
  title={Understanding and sharing intentions: The origins of cultural cognition},
  author={Tomasello, Michael and Carpenter, Malinda and Call, Josep and Behne, Tanya and Moll, Henrike},
  journal={Behavioral and brain sciences},
  volume={28},
  number={05},
  pages={675--691},
  year={2005},
  publisher={Cambridge Univ Press}
}

@article{bratman1989intention,
  title={Intention and personal policies},
  author={Bratman, Michael E},
  journal={Philosophical perspectives},
  volume={3},
  pages={443--469},
  year={1989},
  publisher={JSTOR}
}

@article{bratman1992shared,
  title={Shared cooperative activity},
  author={Bratman, Michael E},
  journal={The philosophical review},
  volume={101},
  number={2},
  pages={327--341},
  year={1992},
  publisher={JSTOR}
}

@article{klien2004ten,
  title={Ten challenges for making automation a" team player" in joint human-agent activity},
  author={Klien, G and Woods, David D and Bradshaw, Jeffrey M and Hoffman, Robert R and Feltovich, Paul J},
  journal={IEEE Intelligent Systems},
  volume={19},
  number={6},
  pages={91--95},
  year={2004},
  publisher={IEEE}
}

@article{bratman1993shared,
  title={Shared intention},
  author={Bratman, Michael E},
  journal={Ethics},
  volume={104},
  number={1},
  pages={97--113},
  year={1993},
  publisher={University of Chicago Press}
}

@article{butterfill2012joint,
  title={Joint action and development},
  author={Butterfill, Stephen},
  journal={The Philosophical Quarterly},
  volume={62},
  number={246},
  pages={23--47},
  year={2012},
  publisher={Wiley Online Library}
}

@article{cohen1991teamwork,
  title={Teamwork},
  author={Cohen, Philip R and Levesque, Hector J},
  journal={Nous},
  volume={25},
  number={4},
  pages={487--512},
  year={1991},
  publisher={JSTOR}
}

@inproceedings{levesque1990acting,
  title={On acting together},
  author={Levesque, Hector J and Cohen, Philip R and Nunes, Jos{\'e} HT},
  booktitle={AAAI},
  volume={90},
  pages={94--99},
  year={1990}
}

@incollection{grosz1999evolution,
  title={The evolution of SharedPlans},
  author={Grosz, Barbara J and Kraus, Sarit},
  booktitle={Foundations of rational agency},
  pages={227--262},
  year={1999},
  publisher={Springer}
}

@techreport{grosz1988plans,
  title={Plans for discourse},
  author={Grosz, Barbara J and Sidner, Candace L},
  year={1988},
  institution={DTIC Document}
}

@misc{obhi2011moving,
  title={Moving together: toward understanding the mechanisms of joint action},
  author={Obhi, Sukhvinder S and Sebanz, Natalie},
  year={2011},
  publisher={Springer}
}

@article{pacherie2008phenomenology,
  title={The phenomenology of action: A conceptual framework},
  author={Pacherie, Elisabeth},
  journal={Cognition},
  volume={107},
  number={1},
  pages={179--217},
  year={2008},
  publisher={Elsevier}
}

@article{pacherie2011phenomenology,
  title={The Phenomenology of Joint Action: Self-Agency versus Joint Agency},
  author={Pacherie, Elisabeth},
  journal={Joint attention: New developments in psychology, philosophy of mind, and social neuroscience},
  pages={343},
  year={2011},
  publisher={MIT Press}
}

@article{sebanz2009prediction,
  title={Prediction in joint action: What, when, and where},
  author={Sebanz, Natalie and Knoblich, Guenther},
  journal={Topics in Cognitive Science},
  volume={1},
  number={2},
  pages={353--367},
  year={2009},
  publisher={Wiley Online Library}
}

@article{knoblich20113,
  title={3 Psychological research on joint action: theory and data},
  author={Knoblich, G{\"u}nther and Butterfill, Stephen and Sebanz, Natalie},
  journal={Psychology of Learning and Motivation-Advances in Research and Theory},
  volume={54},
  pages={59},
  year={2011}
}

@article{gibson1977perceiving,
  title={Perceiving, acting, and knowing: Toward an ecological psychology},
  author={Gibson, James J},
  journal={The Theory of Affordances},
  pages={67--82},
  year={1977}
}

@article{vesper2010minimal,
  title={A minimal architecture for joint action},
  author={Vesper, Cordula and Butterfill, Stephen and Knoblich, G{\"u}nther and Sebanz, Natalie},
  journal={Neural Networks},
  volume={23},
  number={8},
  pages={998--1003},
  year={2010},
  publisher={Elsevier}
}

@article{clark1996using,
  title={Using language. 1996},
  author={Clark, Herbert H},
  journal={Cambridge University Press: Cambridge},
  volume={952},
  pages={274--296},
  year={1996}
}

@article{rizzolatti2004mirror,
  title={The mirror-neuron system},
  author={Rizzolatti, Giacomo and Craighero, Laila},
  journal={Annu. Rev. Neurosci.},
  volume={27},
  pages={169--192},
  year={2004},
  publisher={Annual Reviews}
}


@article{richardson2007rocking,
  title={Rocking together: Dynamics of intentional and unintentional interpersonal coordination},
  author={Richardson, Michael J and Marsh, Kerry L and Isenhower, Robert W and Goodman, Justin RL and Schmidt, Richard C},
  journal={Human movement science},
  volume={26},
  number={6},
  pages={867--891},
  year={2007},
  publisher={Elsevier}
}


### Part 2

@inproceedings{ramirez2009plan,
  title={Plan recognition as planning},
  author={Ram{\i}rez, Miquel and Geffner, Hector},
  booktitle={Proceedings of the 21st international joint conference on Artifical intelligence. Morgan Kaufmann Publishers Inc},
  pages={1778--1783},
  year={2009}
}

@inproceedings{bui2003general,
  title={A general model for online probabilistic plan recognition},
  author={Bui, Hung Hai},
  booktitle={IJCAI},
  volume={3},
  pages={1309--1315},
  year={2003}
}

@inproceedings{singla2011abductive,
  title={Abductive Markov Logic for Plan Recognition.},
  author={Singla, Parag and Mooney, Raymond J},
  booktitle={AAAI},
  pages={1069--1075},
  year={2011}
}

@article{breazeal2009embodied,
  title={An embodied cognition approach to mindreading skills for socially intelligent robots},
  author={Breazeal, Cynthia and Gray, Jesse and Berlin, Matt},
  journal={The International Journal of Robotics Research},
  volume={28},
  number={5},
  pages={656--680},
  year={2009},
  publisher={Sage Publications Sage UK: London, England}
}

@article{baker2014modeling,
  title={Modeling human plan recognition using bayesian theory of mind},
  author={Baker, Chris L and Tenenbaum, Joshua B},
  journal={Plan, activity, and intent recognition: Theory and practice},
  pages={177--204},
  year={2014}
}

@inproceedings{georgeff1987reactive,
  title={Reactive reasoning and planning.},
  author={Georgeff, Michael P and Lansky, Amy L},
  booktitle={AAAI},
  volume={87},
  pages={677--682},
  year={1987}
}

@inproceedings{ghallab1994representation,
  title={Representation and Control in IxTeT, a Temporal Planner.},
  author={Ghallab, Malik and Laruelle, Herv{\'e}},
  booktitle={AIPS},
  volume={1994},
  pages={61--67},
  year={1994}
}

@inproceedings{lemai2004interleaving,
  title={Interleaving temporal planning and execution in robotics domains},
  author={Lemai, Solange and Ingrand, F{\'e}lix},
  booktitle={AAAI},
  volume={4},
  pages={617--622},
  year={2004}
}

@inproceedings{rabideau1999iterative,
  title={Iterative repair planning for spacecraft operations using the ASPEN system},
  author={Rabideau, Gregg and Knight, Russell and Chien, Steve and Fukunaga, Alex and Govindjee, Anita},
  booktitle={Artificial Intelligence, Robotics and Automation in Space},
  volume={440},
  pages={99},
  year={1999}
}

@inproceedings{rich2010recognizing,
  title={Recognizing engagement in human-robot interaction},
  author={Rich, Charles and Ponsler, Brett and Holroyd, Aaron and Sidner, Candace L},
  booktitle={Human-Robot Interaction (HRI), 2010 5th ACM/IEEE International Conference on},
  pages={375--382},
  year={2010},
  organization={IEEE}
}

@inproceedings{sanghvi2011automatic,
  title={Automatic analysis of affective postures and body motion to detect engagement with a game companion},
  author={Sanghvi, Jyotirmay and Castellano, Ginevra and Leite, Iolanda and Pereira, Andr{\'e} and McOwan, Peter W and Paiva, Ana},
  booktitle={Human-Robot Interaction (HRI), 2011 6th ACM/IEEE International Conference on},
  pages={305--311},
  year={2011},
  organization={IEEE}
}

@inproceedings{salam2015multi,
  title={A multi-level context-based modeling of engagement in human-robot interaction},
  author={Salam, Hanan and Chetouani, Mohamed},
  booktitle={Automatic Face and Gesture Recognition (FG), 2015 11th IEEE International Conference and Workshops on},
  volume={3},
  pages={1--6},
  year={2015},
  organization={IEEE}
}

@article{Lallement2014hatp,
  author    = {Rapha{\"{e}}l Lallement and
               Lavindra de Silva and
               Rachid Alami},
  title     = {{HATP:} An {HTN} Planner for Robotics},
  journal   = {CoRR},
  year      = {2014}
}

@article{cirillo2010human,
  title={Human-aware task planning: an application to mobile robots},
  author={Cirillo, Marcello and Karlsson, Lars and Saffiotti, Alessandro},
  journal={IST},
  year={2010},
  publisher={ACM}
}

@article{guitton2012belief,
  title={Belief Management for HRI Planning},
  author={Guitton, Julien and Warnier, Matthieu and Alami, Rachid},
  journal={European Conf. on Artificial Intelligence},
  year={2012}
}

@inproceedings{chakraborti2016planning,
  title={Planning with resource conflicts in human-robot cohabitation},
  author={Chakraborti, Tathagata and Zhang, Yu and Smith, David E and Kambhampati, Subbarao},
  booktitle={AAMAS},
  year={2016}
}

@inproceedings{talamadupula2014coordination,
  title={Coordination in human-robot teams using mental modeling and plan recognition},
  author={Talamadupula, Kartik and Briggs, Gordon and Chakraborti, Tathagata and Scheutz, Matthias and Kambhampati, Subbarao},
  booktitle={IROS, IEEE/RSJ},
  year={2014}
}

@inproceedings{chakraborti2015planning,
  title={Planning for serendipity-altruism in human-robot cohabitation},
  author={Chakraborti, Tathagata and Briggs, Gordon and Talamadupula, Kartik and Scheutz, Matthias and Smith, David and Kambhampati, Subbarao},
  booktitle={ICAPS Workshop on Planning and Robotics (PlanRob)},
  year={2015}
}

@inproceedings{Mohseni2015,
 author = {Mohseni-Kabir, A. and Rich, C. and Chernova, S. and Sidner, C. L. and Miller, D.},
 title = {Interactive Hierarchical Task Learning from a Single Demonstration},
 booktitle = {HRI, ACM/IEEE},
 year = {2015}
} 

@inproceedings{sorce2015proof,
  title={Proof of concept for a user-centered system for sharing cooperative plan knowledge over extended periods and crew changes in space-flight operations},
  author={Sorce, Marwin and Pointeau, Gr{\'e}goire and Petit, Maxime and Mealier, Anne-Laure and Gibert, Guillaume and Dominey, Peter Ford},
  booktitle={RO-MAN, IEEE},
  year={2015}
}

@inproceedings{milliez2016using,
  title={Using human knowledge awareness to adapt collaborative plan generation, explanation and monitoring},
  author={Milliez, Gr{\'e}goire and Lallement, Rapha{\"e}l and Fiore, Michelangelo and Alami, Rachid},
  booktitle={HRI ACM/IEEE},
  year={2016}
}

@inproceedings{allen2002human,
  title={Human-machine collaborative planning},
  author={Allen, James and Ferguson, George},
  booktitle={Third International NASA Workshop on Planning and Scheduling for Space},
  year={2002}
}

@article{petit2013coordinating,
  title={The coordinating role of language in real-time multimodal learning of cooperative tasks},
  author={Petit, Marc and Lall{\'e}e, St{\'e}phane and Boucher, J-D and Pointeau, Gr{\'e}goire and Cheminade, Pierrick and Ognibene, Dimitri and Chinellato, Eris and Pattacini, Ugo and Gori, Ilaria and Martinez-Hernandez, Uriel and others},
  journal={Autonomous Mental Development, IEEE},
  year={2013}
}

@inproceedings{mavridis2005grounded,
  title={Grounded situation models for robots: Bridging language, perception, and action},
  author={Mavridis, Nikolaos and Roy, Deb},
  booktitle={AAAI-05 workshop on modular construction of human-like intelligence},
  year={2005}
}


@article{lemaignan2012grounding,
  title={Grounding the interaction: Anchoring situated discourse in everyday human-robot interaction},
  author={Lemaignan, S{\'e}verin and Ros, Raquel and Sisbot, E Akin and Alami, Rachid and Beetz, Michael},
  journal={International Journal of Social Robotics},
  volume={4},
  number={2},
  pages={181--199},
  year={2012},
  publisher={Springer}
}

@inproceedings{milliez2014framework,
  title={A framework for endowing an interactive robot with reasoning capabilities about perspective-taking and belief management},
  author={Milliez, Gr{\'e}goire and Warnier, Matthieu and Clodic, Aur{\'e}lie and Alami, Rachid},
  booktitle={Robot and Human Interactive Communication, 2014 RO-MAN: The 23rd IEEE International Symposium on},
  pages={1103--1109},
  year={2014},
  organization={IEEE}
}

@article{breazeal2006using,
  title={Using perspective taking to learn from ambiguous demonstrations},
  author={Breazeal, Cynthia and Berlin, Matt and Brooks, Andrew and Gray, Jesse and Thomaz, Andrea L},
  journal={Robotics and autonomous systems},
  volume={54},
  number={5},
  pages={385--393},
  year={2006},
  publisher={Elsevier}
}

@article{gray2014manipulating,
  title={Manipulating mental states through physical action},
  author={Gray, Jesse and Breazeal, Cynthia},
  journal={International Journal of Social Robotics},
  volume={6},
  number={3},
  pages={315--327},
  year={2014},
  publisher={Springer}
}

@inproceedings{ros2010one,
  title={Which one? grounding the referent based on efficient human-robot interaction},
  author={Ros, Raquel and Lemaignan, S{\'e}verin and Sisbot, E Akin and Alami, Rachid and Steinwender, Jasmin and Hamann, Katharina and Warneken, Felix},
  booktitle={RO-MAN, 2010 IEEE},
  pages={570--575},
  year={2010},
  organization={IEEE}
}

@incollection{ferreira2015users,
  title={Users’ belief awareness in reinforcement learning-based situated human--robot dialogue management},
  author={Ferreira, Emmanuel and Milliez, Gr{\'e}goire and Lef{\`e}vre, Fabrice and Alami, Rachid},
  booktitle={Natural Language Dialog Systems and Intelligent Assistants},
  pages={73--86},
  year={2015},
  publisher={Springer}
}

@inproceedings{nagai2015probabilistic,
  title={Probabilistic modeling of mental models of others},
  author={Nagai, Takayuki and Abe, Kasumi and Nakamura, Tomoaki and Oka, Natsuki and Omori, Takashi},
  booktitle={Robot and Human Interactive Communication (RO-MAN), 2015 24th IEEE International Symposium on},
  pages={89--94},
  year={2015},
  organization={IEEE}
}

@inproceedings{shah2011improved,
  title={Improved human-robot team performance using chaski, a human-inspired plan execution system},
  author={Shah, Julie and Wiken, James and Williams, Brian and Breazeal, Cynthia},
  booktitle={Proceedings of the 6th international conference on Human-robot interaction},
  pages={29--36},
  year={2011},
  organization={ACM}
}

@inproceedings{karpas2015robust,
  title={Robust Execution of Plans for Human-Robot Teams.},
  author={Karpas, Erez and Levine, Steven James and Yu, Peng and Williams, Brian C},
  booktitle={ICAPS},
  pages={342--346},
  year={2015}
}

@inproceedings{clodic2009shary,
  title={Shary: a supervision system adapted to human-robot interaction},
  author={Clodic, Aur{\'e}lie and Cao, Hung and Alili, Samir and Montreuil, Vincent and Alami, Rachid and Chatila, Raja},
  booktitle={Experimental Robotics},
  pages={229--238},
  year={2009},
  organization={Springer}
}

@inproceedings{lucignano2013dialogue,
  title={A dialogue system for multimodal human-robot interaction},
  author={Lucignano, Lorenzo and Cutugno, Francesco and Rossi, Silvia and Finzi, Alberto},
  booktitle={Proceedings of the 15th ACM on International conference on multimodal interaction},
  pages={197--204},
  year={2013},
  organization={ACM}
}

@inproceedings{roy2000spoken,
  title={Spoken dialogue management using probabilistic reasoning},
  author={Roy, Nicholas and Pineau, Joelle and Thrun, Sebastian},
  booktitle={Proceedings of the 38th Annual Meeting on Association for Computational Linguistics},
  pages={93--100},
  year={2000},
  organization={Association for Computational Linguistics}
}

@inproceedings{breazeal2005effects,
  title={Effects of nonverbal communication on efficiency and robustness in human-robot teamwork},
  author={Breazeal, Cynthia and Kidd, Cory D and Thomaz, Andrea Lockerd and Hoffman, Guy and Berlin, Matt},
  booktitle={Intelligent Robots and Systems, 2005.(IROS 2005). 2005 IEEE/RSJ International Conference on},
  pages={708--713},
  year={2005},
  organization={IEEE}
}

@inproceedings{boucher2010facilitative,
  title={Facilitative effects of communicative gaze and speech in human-robot cooperation},
  author={Boucher, Jean-David and Ventre-Dominey, Jocelyne and Dominey, Peter Ford and Fagel, Sacha and Bailly, Gerard},
  booktitle={Proceedings of the 3rd international workshop on Affective interaction in natural environments},
  pages={71--74},
  year={2010},
  organization={ACM}
}

@inproceedings{mutlu2009footing,
  title={Footing in human-robot conversations: how robots might shape participant roles using gaze cues},
  author={Mutlu, Bilge and Shiwa, Toshiyuki and Kanda, Takayuki and Ishiguro, Hiroshi and Hagita, Norihiro},
  booktitle={Proceedings of the 4th ACM/IEEE international conference on Human robot interaction},
  pages={61--68},
  year={2009},
  organization={ACM}
}

@inproceedings{hart2014gesture,
  title={Gesture, gaze, touch, and hesitation: Timing cues for collaborative work},
  author={Hart, Justin W and Gleeson, Brian and Pan, Matthew and Moon, AJung and MacLean, Karon and Croft, Elizabeth},
  booktitle={HRI Workshop on Timing in Human-Robot Interaction, Bielefeld, Germany},
  year={2014}
}

@inproceedings{walters2007robotic,
  title={Robotic etiquette: results from user studies involving a fetch and carry task},
  author={Walters, Michael L and Dautenhahn, Kerstin and Woods, Sarah N and Koay, Kheng Lee},
  booktitle={Proceedings of the ACM/IEEE international conference on Human-robot interaction},
  pages={317--324},
  year={2007},
  organization={ACM}
}

@inproceedings{cakmak2011human,
  title={Human preferences for robot-human hand-over configurations},
  author={Cakmak, Maya and Srinivasa, Siddhartha S and Lee, Min Kyung and Forlizzi, Jodi and Kiesler, Sara},
  booktitle={Intelligent Robots and Systems (IROS), 2011 IEEE/RSJ International Conference on},
  pages={1986--1993},
  year={2011},
  organization={IEEE}
}

@inproceedings{mainprice2012sharing,
  title={Sharing effort in planning human-robot handover tasks},
  author={Mainprice, Jim and Gharbi, Mamoun and Sim{\'e}on, Thierry and Alami, Rachid},
  booktitle={RO-MAN, 2012 IEEE},
  pages={764--770},
  year={2012},
  organization={IEEE}
}

@article{mason2005grip,
  title={Grip forces when passing an object to a partner},
  author={Mason, Andrea H and MacKenzie, Christine L},
  journal={Experimental brain research},
  volume={163},
  number={2},
  pages={173--187},
  year={2005},
  publisher={Springer}
}

@article{kruse2013human,
  title={Human-aware robot navigation: A survey},
  author={Kruse, Thibault and Pandey, Amit Kumar and Alami, Rachid and Kirsch, Alexandra},
  journal={Robotics and Autonomous Systems},
  volume={61},
  number={12},
  pages={1726--1743},
  year={2013},
  publisher={Elsevier}
}

@article{sisbot2012human,
  title={A human-aware manipulation planner},
  author={Sisbot, Emrah Akin and Alami, Rachid},
  journal={IEEE Transactions on Robotics},
  volume={28},
  number={5},
  pages={1045--1057},
  year={2012},
  publisher={IEEE}
}

#Part 3

@article{buekens2001indexicaliteit,
  title={Indexicaliteit en dynamische intenties},
  author={Buekens, FAI and Vanmechelen, X and Maessen, K},
  year={2001}
}

@article{alami1998architecture,
  title={An architecture for autonomy},
  author={Alami, Rachid and Chatila, Raja and Fleury, Sara and Ghallab, Malik and Ingrand, F{\'e}lix},
  journal={The International Journal of Robotics Research},
  volume={17},
  number={4},
  pages={315--337},
  year={1998},
  publisher={Sage Publications Sage CA: Thousand Oaks, CA}
}

@article{devin2016some,
  title={Some essential skills and their combination in an architecture for a cognitive and interactive robot},
  author={Devin, Sandra and Milliez, Gr{\'e}goire and Fiore, Michelangelo and Clodic, Aur{\'e}lie and Alami, Rachid},
  journal={arXiv preprint arXiv:1603.00583},
  year={2016}
}

###### Chapter 2 #######

@PhDThesis{milliezThesis,
title = {Raisonnement sur le contexte et les croyances pour l'interaction homme-robot},
author = {Milliez, Gr{\'e}goire},
school = {INP-T, LAAS-CNRS},
year = {2016}
}

@inproceedings{waldhart2016novel,
  title={A Novel Software Combining Task and Motion Planning for Human-Robot Interaction},
  author={Waldhart, Jules and Gharbi, Mamoun and Alami, Rachid},
  booktitle={2016 AAAI Fall Symposium Series},
  year={2016}
}

@inproceedings{fiore2016planning,
  title={On planning and task achievement modalities for human-robot collaboration},
  author={Fiore, Michelangelo and Clodic, Aur{\'e}lie and Alami, Rachid},
  booktitle={Experimental Robotics},
  pages={293--306},
  year={2016},
  organization={Springer}
}



###### Chapter 3 ########"#

@inproceedings{devin2016implemented,
  title={An implemented theory of mind to improve human-robot shared plans execution},
  author={Devin, Sandra and Alami, Rachid},
  booktitle={Human-Robot Interaction (HRI), 2016 11th ACM/IEEE International Conference on},
  pages={319--326},
  year={2016},
  organization={IEEE}
}

@article{baron1985does,
  title={Does the autistic child have a “theory of mind”?},
  author={Baron-Cohen, Simon and Leslie, Alan M and Frith, Uta},
  journal={Cognition},
  volume={21},
  number={1},
  pages={37--46},
  year={1985},
  publisher={Elsevier}
}

@article{premack1978does,
  title={Does the chimpanzee have a theory of mind?},
  author={Premack, David and Woodruff, Guy},
  journal={Behavioral and brain sciences},
  volume={1},
  number={04},
  pages={515--526},
  year={1978},
  publisher={Cambridge Univ Press}
}

@article{tversky1999speakers,
  title={Why do speakers mix perspectives?},
  author={Tversky, Barbara and Lee, Paul and Mainwaring, Scott},
  journal={Spatial cognition and computation},
  volume={1},
  number={4},
  pages={399--412},
  year={1999},
  publisher={Springer}
}

@article{flavell1992perspectives,
  title={Perspectives on perspective-taking},
  author={Flavell, John H and Beilin, H and Pufall, P},
  journal={Piaget’s theory: Prospects and possibilities},
  pages={107--139},
  year={1992},
  publisher={Erlbaum Hillsdale, NJ}
}

@article{frick2014picturing,
  title={Picturing perspectives: development of perspective-taking abilities in 4-to 8-year-olds},
  author={Frick, Andrea and M{\"o}hring, Wenke and Newcombe, Nora S},
  journal={Frontiers in psychology},
  volume={5},
  pages={386},
  year={2014},
  publisher={Frontiers}
}

@inproceedings{flavell1977development,
  title={The development of knowledge about visual perception.},
  author={Flavell, John H},
  booktitle={Nebraska symposium on motivation},
  year={1977},
  organization={University of Nebraska Press}
}

@article{verbrugge2008learning,
  title={Learning to apply theory of mind},
  author={Verbrugge, Rineke and Mol, Lisette},
  journal={Journal of Logic, Language and Information},
  volume={17},
  number={4},
  pages={489--511},
  year={2008},
  publisher={Springer}
}

@inproceedings{de2014theory,
  title={Theory of Mind in the Mod Game: An Agent-Based Model of Strategic Reasoning.},
  author={De Weerd, Harmen and Verbrugge, Rineke and Verheij, Bart},
  booktitle={ECSI},
  pages={128--136},
  year={2014}
}

@article{de2015higher,
  title={Higher-order theory of mind in the tacit communication game},
  author={de Weerd, Harmen and Verbrugge, Rineke and Verheij, Bart},
  journal={Biologically Inspired Cognitive Architectures},
  volume={11},
  pages={10--21},
  year={2015},
  publisher={Elsevier}
}

@article{scassellati2002theory,
  title={Theory of mind for a humanoid robot},
  author={Scassellati, Brian},
  journal={Autonomous Robots},
  volume={12},
  number={1},
  pages={13--24},
  year={2002},
  publisher={Springer}
}

@article{leslie1984spatiotemporal,
  title={Spatiotemporal continuity and the perception of causality in infants},
  author={Leslie, Alan M},
  journal={Perception},
  volume={13},
  number={3},
  pages={287--305},
  year={1984},
  publisher={SAGE Publications Sage UK: London, England}
}

@book{baron1997mindblindness,
  title={Mindblindness: An essay on autism and theory of mind},
  author={Baron-Cohen, Simon},
  year={1997},
  publisher={MIT press}
}

@article{anderson2004integrated,
  title={An integrated theory of the mind.},
  author={Anderson, John R and Bothell, Daniel and Byrne, Michael D and Douglass, Scott and Lebiere, Christian and Qin, Yulin},
  journal={Psychological review},
  volume={111},
  number={4},
  pages={1036},
  year={2004},
  publisher={American Psychological Association}
}

@inproceedings{hiatt2010cognitive,
  title={A cognitive model of theory of mind},
  author={Hiatt, Laura M and Trafton, J Gregory},
  booktitle={Proceedings of the 10th International Conference on Cognitive Modeling},
  pages={91--96},
  year={2010},
  organization={Citeseer}
}

@inproceedings{hiatt2015understanding,
  title={Understanding second-order theory of mind},
  author={Hiatt, Laura M and Trafton, J Gregory},
  booktitle={Proceedings of the Tenth Annual ACM/IEEE International Conference on Human-Robot Interaction Extended Abstracts},
  pages={167--168},
  year={2015},
  organization={ACM}
}

@inproceedings{hiatt2004cognitive,
  title={A Cognitive Model for Spatial Perspective taking.},
  author={Hiatt, Laura M and Trafton, J Gregory and Harrison, Anthony M and Schultz, Alan C},
  booktitle={ICCM},
  pages={354--355},
  year={2004}
}

@inproceedings{berlin2006perspective,
  title={Perspective taking: An organizing principle for learning in human-robot interaction},
  author={Berlin, Matt and Gray, Jesse and Thomaz, Andrea Lockerd and Breazeal, Cynthia},
  booktitle={AAAI},
  volume={2},
  pages={1444--1450},
  year={2006}
}

@article{johnson2005perspective,
  title={Perspective taking through simulation},
  author={Johnson, MR and Demiris, YK},
  year={2005}
}

@article{johnson2005perceptual,
  title={Perceptual perspective taking and action recognition},
  author={Johnson, Matthew and Demiris, Yiannis},
  journal={International Journal of Advanced Robotic Systems},
  volume={2},
  number={4},
  pages={32},
  year={2005},
  publisher={SAGE Publications Sage UK: London, England}
}

@inproceedings{hiatt2011accommodating,
  title={Accommodating human variability in human-robot teams through theory of mind},
  author={Hiatt, Laura M and Harrison, Anthony M and Trafton, J Gregory},
  booktitle={IJCAI Proceedings-International Joint Conference on Artificial Intelligence},
  volume={22},
  number={3},
  pages={2066},
  year={2011}
}

@inproceedings{ros2010solving,
  title={Solving ambiguities with perspective taking},
  author={Ros, Raquel and Sisbot, Emrah Akin and Alami, Rachid and Steinwender, Jasmin and Hamann, Katharina and Warneken, Felix},
  booktitle={Proceedings of the 5th ACM/IEEE international conference on Human-robot interaction},
  pages={181--182},
  year={2010},
  organization={IEEE Press}
}

@article{gorur2017toward,
  title={Toward Integrating Theory of Mind into Adaptive Decision-Making of Social Robots to Understand Human Intention},
  author={G{\"o}r{\"u}r, O Can and Rosman, Benjamin and Hoffman, Guy and Albayrak, {\c{S}}ahin},
  booktitle={Human-Robot Interaction (HRI), 2017 12th ACM/IEEE International Conference on},
  year={2017},
  organization={IEEE}
}


###### Chapter 4 ######


@article{gombolay2015decision,
  title={Decision-making authority, team efficiency and human worker satisfaction in mixed human--robot teams},
  author={Gombolay, Matthew C and Gutierrez, Reymundo A and Clarke, Shanelle G and Sturla, Giancarlo F and Shah, Julie A},
  journal={Autonomous Robots},
  year={2015},
  publisher={Springer}
}


@inproceedings{baraglia2016initiative,
  title={Initiative in robot assistance during collaborative task execution},
  author={Baraglia, Jimmy and Cakmak, Maya and Nagai, Yukie and Rao, Rajesh and Asada, Minoru},
  booktitle={HRI, ACM/IEEE},
  year={2016}
}


@inproceedings{lallee2013cooperative,
  title={Cooperative human robot interaction systems: IV. Communication of shared plans with Na{\"\i}ve humans using gaze and speech},
  author={Lall{\'e}e, St{\'e}phane and Hamann, Katharina and Steinwender, Jasmin and Warneken, Felix and Martienz, Uriel and Barron-Gonzales, Hector and Pattacini, Ugo and Gori, Ilaria and Petit, Marc and Metta, Giorgio and others},
  booktitle={IROS, IEEE/RSJ},
  year={2013}
}

@inproceedings{chien2000using,
  title={Using Iterative Repair to Improve the Responsiveness of Planning and Scheduling.},
  author={Chien, Steve A and Knight, Russell and Stechert, Andre and Sherwood, Rob and Rabideau, Gregg},
  booktitle={AIPS},
  year={2000}
}

@inproceedings{levine2014concurrent,
  title={Concurrent Plan Recognition and Execution for Human-Robot Teams.},
  author={Levine, Steven James and Williams, Brian Charles},
  booktitle={ICAPS},
  year={2014}
}

@inproceedings{hoffman2007effects,
  title={Effects of anticipatory action on human-robot teamwork efficiency, fluency, and perception of team},
  author={Hoffman, Guy and Breazeal, Cynthia},
  booktitle={HRI, ACM/IEEE},
  year={2007}
}

@inproceedings{johansson2015opportunities,
  title={Opportunities and obligations to take turns in collaborative multi-party human-robot interaction},
  author={Johansson, Martin and Skantze, Gabriel},
  booktitle={16th Annual Meeting of the Special Interest Group on Discourse and Dialogue},
  year={2015}
}

@article{chao2016timed,
  title={Timed Petri nets for fluent turn-taking over multimodal interaction resources in human-robot collaboration},
  author={Chao, Crystal and Thomaz, Andrea},
  journal={IJRR},
  year={2016},
  publisher={SAGE Publications}
}

@inproceedings{fiore2014planning,
  title={On planning and task achievement modalities for human-robot collaboration},
  author={Fiore, Michelangelo and Clodic, Aur{\'e}lie and Alami, Rachid},
  booktitle={ISER},
  year={2014}
}



@article{gerkey2004formal,
  title={A formal analysis and taxonomy of task allocation in multi-robot systems},
  author={Gerkey, Brian P and Matari{\'c}, Maja J},
  journal={The IJRResearch},
  year={2004},
  publisher={SAGE Publications}
}

@article{gerkey2002sold,
  title={Sold!: Auction methods for multirobot coordination},
  author={Gerkey, Brian P and Mataric, Maja J},
  journal={IEEE Trans. on Robotics and Automation},
  year={2002}
}

@inproceedings{botelho1999m+,
  title={M+: a scheme for multi-robot cooperation through negotiated task allocation and achievement},
  author={Botelho, Sylvia C and Alami, Rachid},
  booktitle={Robotics and Automation, IEEE},
  year={1999}
}


@article{joyeux2009plan,
  title={A plan manager for multi-robot systems},
  author={Joyeux, Sylvain and Alami, Rachid and Lacroix, Simon and Philippsen, Roland},
  journal={IJRR},
  year={2009},
  publisher={Sage Publications}
}

@inproceedings{tambe1997agent,
  title={Agent Architectures for Flexible, Practical Teamwork},
  author={Tambe, Milind},
  booktitle={14th National Conf. on AI},
  year={1997}
}

@techreport{molineaux2010goal,
  title={Goal-driven autonomy in a Navy strategy simulation},
  author={Molineaux, Matt and Klenk, Matthew and Aha, David W},
  year={2010},
  institution={DTIC Document}
}

@inproceedings{roberts2016goal,
  title={Goal reasoning, planning, and acting with actorsim, the actor simulator},
  author={Roberts, Mark and Alford, Ron and Shivashankar, Vikas and Leece, Michael and Gupta, Shubham and Aha, David W},
  booktitle={ICAPS Workshop on Planning and Robotics (PlanRob)},
  year={2016}
}

@article{clodic2014key,
  title={Key Elements for Human-Robot Joint Action},
  author={Clodic, Aur{\'e}lie and Alami, Rachid and Chatila, Raja},
  journal={Frontiers in AI and Applications},
  year={2014},
  publisher={Marco Norskov Editors}
}

###### HOW-TO ######

To add a new entry in your bibliography chose the proper template below, copy-
paste it in the end of this file, replace the "_" by an "at-symbol" (this
symbol cannot be typed here otherwise the bibliography processing program
would think there's an entry inside this how-to), and fill its fields. Check
an proper entry example in the end of this file.

You can use the month macros (jan, feb, mar, apr, may, jun, jul, aug, sep,
oct, nov, dec) WITHOUT QUOTES to let the bib-style handle the language of the
month (French or English), like in the example in the end of the file.

Optional fields in the templates are commented out with a '%'. Note that not
all external programs that process bibliography information in .bib files
support comments inside the reference entry (notably bibtex doesn't), so you
may need to remove the fields you don't want/need in your entry instead of
leaving it commented out. Moreover, anything not starting with a "at-symbol"
is normally not processed by the bibliography processing program (like it was
just comments).



###### TEMPLATES ######

Source: https://en.wikibooks.org/wiki/LaTeX/Bibliography_Management

_article{Xarticle,
    author    = "",
    title     = "",
    journal   = "",
    %volume   = "",
    %number   = "",
    %pages    = "",
    year      = "XXXX",
    %month    = "",
    %note     = "",
}

_book{Xbook,
    author    = "",
    title     = "",
    publisher = "",
    %volume   = "",
    %number   = "",
    %series   = "",
    %address  = "",
    %edition  = "",
    year      = "XXXX",
    %month    = "",
    %note     = "",
}

_booklet{Xbooklet,
    %author   = "",
    title     = "",
    %howpublished   = "",
    %address  = "",
    %year      = "XXXX",
    %month    = "",
    %note     = "",
}

_conference{Xconference,
    author    = "",
    title     = "",
    booktitle = "",
    %editor   = "",
    %volume   = "",
    %number   = "",
    %series   = "",
    %pages    = "",
    %address  = "",
    year      = "XXXX",
    %month    = "",
    %publisher= "",
    %note     = "",
}

_inbook{Xinbook,
	author	= "",
	editor	= "",
	title	= "",
	chapter	= "",
	pages	= "",
	publisher= "",
	%volume	= "",
	%number	= "",
	%series	= "",
	%type	= "",
	%address= "",
	%edition= "",
	year	= "",
	%month	= "",
	%note	= "",
}

_incollection{Xincollection,
	author	= "",
	title	= "",
	booktitle= "",
	publisher= "",
	%editor	= "",
	%volume	= "",
	%number	= "",
	%series	= "",
	%type	= "",
	%chapter= "",
	%pages	= "",
	%address= "",
	%edition= "",
	year	= "",
	%month	= "",
	%note	= "",
}

_inproceedings{Xinproceedings,
	author		= "",
	title		= "",
	booktitle	= "",
	%editor		= "",
	%volume		= "",
	%number		= "",
	%series		= "",
	%pages		= "",
	%address	= "",
	%organization	= "",
	%publisher	= "",
	year		= "",
	%month		= "",
	%note		= "",
}

_manual{Xmanual,
	title		= "",
	%author		= "",
	%organization	= "",
	%address	= "",
	%edition	= "",
	year		= "",
	%month		= "",
	%note		= "",
}

_mastersthesis{Xthesis,
    author    = "",
    title     = "",
    school    = "",
    %type     = "diploma thesis",
    %address  = "",
    year      = "XXXX",
    %month    = "",
    %note     = "",
}

_misc{Xmisc,
    %author    = "",
    %title     = "",
    %howpublished = "",
    %year     = "XXXX",
    %month    = "",
    %note     = "",
}

_phdthesis{Xphdthesis,
	author		= "",
	title		= "",
	school		= "",
	%address	= "",
	year		= "",
	%month		= "",
	%keywords	= "",
	%note		= "",
}

_proceedings{Xproceedings,
	title		= "",
	%editor		= "",
	%volume		= "",
	%number		= "",
	%series		= "",
	%address	= "",
	%organization	= "",
	%publisher	= "",
	year		= "",
	%month		= "",
	%note		= "",
}

_techreport{Xtreport,
    author    = "",
    title     = "",
    institution = "",
    %type     = "", 
    %number   = "",
    %address  = "",
    year      = "XXXX",
    %month    = "",
    %note     = "",
}

_unpublished{Xunpublished,
	author	= "",
	title	= "",
	%year	= "",
	%month	= "",
	note	= "",
}

###### EXAMPLE ######

This entry can be cited in the document using \cite{goossens93}, or other
similar citing command.
@book{goossens93,
    author    = "Michel Goossens and Frank Mittelbach and Alexander Samarin",
    title     = "The LaTeX Companion",
    month     = dec,
    year      = "1993",
    publisher = "Addison-Wesley",
    address   = "Reading, Massachusetts",
}
